@article{rototranslational,
  title={Se (3)-transformers: 3d roto-translation equivariant attention networks},
  author={Fuchs, Fabian and Worrall, Daniel and Fischer, Volker and Welling, Max},
  journal={Advances in neural information processing systems},
  volume={33},
  pages={1970--1981},
  year={2020}
}

@article{volumetric,
  title={3d steerable cnns: Learning rotationally equivariant features in volumetric data},
  author={Weiler, Maurice and Geiger, Mario and Welling, Max and Boomsma, Wouter and Cohen, Taco S},
  journal={Advances in Neural Information Processing Systems},
  volume={31},
  year={2018}
}

@article{cohen2016steerable,
  title={Steerable cnns},
  author={Cohen, Taco S and Welling, Max},
  journal={arXiv preprint arXiv:1612.08498},
  year={2016}
}

@article{vaswani2017attention,
  title={Attention is all you need},
  author={Vaswani, Ashish and Shazeer, Noam and Parmar, Niki and Uszkoreit, Jakob and Jones, Llion and Gomez, Aidan N and Kaiser, {\L}ukasz and Polosukhin, Illia},
  journal={Advances in neural information processing systems},
  volume={30},
  year={2017}
}

@article{velivckovic2017graph,
  title={Graph attention networks},
  author={Veli{\v{c}}kovi{\'c}, Petar and Cucurull, Guillem and Casanova, Arantxa and Romero, Adriana and Lio, Pietro and Bengio, Yoshua},
  journal={arXiv preprint arXiv:1710.10903},
  year={2017}
}

@article{winkels2019pulmonary,
  title={Pulmonary nodule detection in CT scans with equivariant CNNs},
  author={Winkels, Marysia and Cohen, Taco S},
  journal={Medical image analysis},
  volume={55},
  pages={15--26},
  year={2019},
  publisher={Elsevier}
}

@article{geiger2022e3nn,
  title={e3nn: Euclidean neural networks},
  author={Geiger, Mario and Smidt, Tess},
  journal={arXiv preprint arXiv:2207.09453},
  year={2022}
}

@article{vision_transformer,
  title={An image is worth 16x16 words: Transformers for image recognition at scale},
  author={Dosovitskiy, Alexey and Beyer, Lucas and Kolesnikov, Alexander and Weissenborn, Dirk and Zhai, Xiaohua and Unterthiner, Thomas and Dehghani, Mostafa and Minderer, Matthias and Heigold, Georg and Gelly, Sylvain and others},
  journal={arXiv preprint arXiv:2010.11929},
  year={2020}
}


@misc{integral_transforms, title={The N-category caf√©}, url={https://golem.ph.utexas.edu/category/2010/11/integral_transforms_and_pullpu.html}, journal={Integral Transforms and the Pull-Push Perspective, I}, author={Willerton, Simon}} 